[gd_scene load_steps=14 format=1]

[ext_resource path="res://menu/EnergyBar.gd" type="Script" id=1]
[ext_resource path="res://menu/bar.png" type="Texture" id=2]
[ext_resource path="res://menu/energy.png" type="Texture" id=3]
[ext_resource path="res://font/pixeldeb.ttf" type="DynamicFontData" id=4]
[ext_resource path="res://objects/earth/planet-ocean1.png" type="Texture" id=5]
[ext_resource path="res://objects/earth/planet-land1.png" type="Texture" id=6]
[ext_resource path="res://font/pixeldue.ttf" type="DynamicFontData" id=7]

[sub_resource type="StyleBoxTexture" id=1]

content_margin/left = -1.0
content_margin/right = -1.0
content_margin/top = -1.0
content_margin/bottom = -1.0
texture = ExtResource( 2 )
margin/left = 4.0
margin/right = 4.0
margin/top = 4.0
margin/bottom = 4.0
expand_margin/left = 0.0
expand_margin/right = 0.0
expand_margin/top = 0.0
expand_margin/bottom = 0.0
draw_center = true

[sub_resource type="Theme" id=2]

Panel/styles/panel = SubResource( 1 )
Panel/styles/panelf = null
Panel/styles/panelnc = null

[sub_resource type="StyleBoxTexture" id=3]

content_margin/left = -1.0
content_margin/right = -1.0
content_margin/top = -1.0
content_margin/bottom = -1.0
texture = ExtResource( 3 )
margin/left = 3.0
margin/right = 3.0
margin/top = 3.0
margin/bottom = 3.0
expand_margin/left = 0.0
expand_margin/right = 0.0
expand_margin/top = 0.0
expand_margin/bottom = 0.0
draw_center = true

[sub_resource type="Theme" id=4]

Panel/styles/panel = SubResource( 3 )
Panel/styles/panelf = null
Panel/styles/panelnc = null

[sub_resource type="DynamicFont" id=5]

font/size = 18
font/use_mipmaps = false
font/use_filter = false
font/font = ExtResource( 4 )

[sub_resource type="DynamicFont" id=6]

font/size = 10
font/use_mipmaps = false
font/use_filter = false
font/font = ExtResource( 7 )

[node name="EnergyBar" type="CanvasLayer"]

layer = 1
offset = Vector2( 0, 0 )
rotation = 0.0
scale = Vector2( 1, 1 )
script/script = ExtResource( 1 )

[node name="Panel" type="Panel" parent="."]

focus/ignore_mouse = false
focus/stop_mouse = true
size_flags/horizontal = 2
size_flags/vertical = 2
theme/theme = SubResource( 2 )
margin/left = 22.0
margin/top = 255.0
margin/right = 472.0
margin/bottom = 266.0

[node name="energy" type="Panel" parent="Panel"]

focus/ignore_mouse = false
focus/stop_mouse = true
size_flags/horizontal = 2
size_flags/vertical = 2
theme/theme = SubResource( 4 )
margin/left = 0.0
margin/top = 2.0
margin/right = 440.0
margin/bottom = 7.0

[node name="Label" type="Label" parent="Panel"]

focus/ignore_mouse = true
focus/stop_mouse = true
size_flags/horizontal = 2
size_flags/vertical = 0
margin/left = 5.0
margin/top = -13.0
margin/right = 89.0
margin/bottom = 4.0
custom_fonts/font = SubResource( 5 )
custom_colors/font_color = Color( 1, 0.671021, 0.0429688, 1 )
text = "Energy"
percent_visible = 1.0
lines_skipped = 0
max_lines_visible = -1

[node name="TextureFrame" type="TextureFrame" parent="."]

editor/display_folded = true
focus/ignore_mouse = true
focus/stop_mouse = true
size_flags/horizontal = 2
size_flags/vertical = 2
margin/left = -1.0
margin/top = 235.0
margin/right = 39.0
margin/bottom = 275.0
texture = ExtResource( 5 )
modulate = Color( 0.191406, 0.810486, 1, 1 )
stretch_mode = 0

[node name="TextureFrame1" type="TextureFrame" parent="TextureFrame"]

focus/ignore_mouse = true
focus/stop_mouse = true
size_flags/horizontal = 2
size_flags/vertical = 2
margin/left = 0.0
margin/top = 0.0
margin/right = 40.0
margin/bottom = 40.0
texture = ExtResource( 6 )
modulate = Color( 0.191406, 1, 0.222992, 1 )
stretch_mode = 0

[node name="Resources" type="Control" parent="."]

focus/ignore_mouse = false
focus/stop_mouse = true
size_flags/horizontal = 2
size_flags/vertical = 2
margin/left = 98.0
margin/top = 230.0
margin/right = 138.0
margin/bottom = 270.0

[node name="PluLabel" type="Label" parent="Resources"]

focus/ignore_mouse = true
focus/stop_mouse = true
size_flags/horizontal = 2
size_flags/vertical = 0
margin/left = 44.0
margin/top = 15.0
margin/right = 151.0
margin/bottom = 29.0
custom_fonts/font = SubResource( 6 )
custom_colors/font_color = Color( 0.078125, 1, 0, 1 )
text = "Plutonium:"
percent_visible = 1.0
lines_skipped = 0
max_lines_visible = -1

[node name="Plu" type="Label" parent="Resources"]

focus/ignore_mouse = true
focus/stop_mouse = true
size_flags/horizontal = 2
size_flags/vertical = 0
margin/left = 118.0
margin/top = 15.0
margin/right = 225.0
margin/bottom = 29.0
custom_fonts/font = SubResource( 6 )
custom_colors/font_color = Color( 0.078125, 1, 0, 1 )
text = "0"
percent_visible = 1.0
lines_skipped = 0
max_lines_visible = -1

[node name="CarLabel" type="Label" parent="Resources"]

focus/ignore_mouse = true
focus/stop_mouse = true
size_flags/horizontal = 2
size_flags/vertical = 0
margin/left = 159.0
margin/top = 15.0
margin/right = 266.0
margin/bottom = 29.0
custom_fonts/font = SubResource( 6 )
custom_colors/font_color = Color( 0.648438, 0.340485, 0.0126648, 1 )
text = "Carbon:"
percent_visible = 1.0
lines_skipped = 0
max_lines_visible = -1

[node name="Car" type="Label" parent="Resources"]

focus/ignore_mouse = true
focus/stop_mouse = true
size_flags/horizontal = 2
size_flags/vertical = 0
margin/left = 216.0
margin/top = 15.0
margin/right = 323.0
margin/bottom = 29.0
custom_fonts/font = SubResource( 6 )
custom_colors/font_color = Color( 0.647059, 0.341176, 0.0117647, 1 )
text = "0"
percent_visible = 1.0
lines_skipped = 0
max_lines_visible = -1

[node name="HydLabel" type="Label" parent="Resources"]

focus/ignore_mouse = true
focus/stop_mouse = true
size_flags/horizontal = 2
size_flags/vertical = 0
margin/left = 257.0
margin/top = 15.0
margin/right = 364.0
margin/bottom = 29.0
custom_fonts/font = SubResource( 6 )
custom_colors/font_color = Color( 0.0117647, 0.393934, 0.647059, 1 )
text = "Hydrogen:"
percent_visible = 1.0
lines_skipped = 0
max_lines_visible = -1

[node name="Hyd" type="Label" parent="Resources"]

focus/ignore_mouse = true
focus/stop_mouse = true
size_flags/horizontal = 2
size_flags/vertical = 0
margin/left = 330.0
margin/top = 15.0
margin/right = 437.0
margin/bottom = 29.0
custom_fonts/font = SubResource( 6 )
custom_colors/font_color = Color( 0.0117647, 0.393934, 0.647059, 1 )
text = "0"
percent_visible = 1.0
lines_skipped = 0
max_lines_visible = -1


